<?xml version="1.0" encoding="UTF-8" ?>
<collection xmlns:xsi="http://www.w3.org/2001/XMLSchema-instance" xsi:schemaLocation="http://www.loc.gov/MARC21/slim http://www.loc.gov/standards/marcxml/schema/MARC21slim.xsd" xmlns="http://www.loc.gov/MARC21/slim">
   <record>
      <leader>     cam a22     I  4500</leader>
      <controlfield tag="001">4608106</controlfield>
      <controlfield tag="003">NIC</controlfield>
      <controlfield tag="005">20141227084306.0</controlfield>
      <controlfield tag="008">860529s1966    iq       c    000 0 ara c</controlfield>
      <datafield tag="010" ind1=" " ind2=" ">
         <subfield code="a">ne 66001556 </subfield>
      </datafield>
      <datafield tag="035" ind1=" " ind2=" ">
         <subfield code="a">(OCoLC)13656823</subfield>
      </datafield>
      <datafield tag="035" ind1=" " ind2=" ">
         <subfield code="a">4608106</subfield>
      </datafield>
      <datafield tag="040" ind1=" " ind2=" ">
         <subfield code="a">Princeton Univ. Libr.</subfield>
         <subfield code="c">WAU</subfield>
         <subfield code="d">WAU</subfield>
         <subfield code="d">NIC</subfield>
      </datafield>
      <datafield tag="043" ind1=" " ind2=" ">
         <subfield code="a">a-iq---</subfield>
      </datafield>
      <datafield tag="090" ind1=" " ind2=" ">
         <subfield code="a">Z6621.B33</subfield>
         <subfield code="b">A7</subfield>
      </datafield>
      <datafield tag="110" ind1="1" ind2=" ">
         <subfield code="a">Baghdad (Iraq).</subfield>
         <subfield code="b">al-Hikma University.</subfield>
         <subfield code="b">Library.</subfield>
      </datafield>
      <datafield tag="245" ind1="1" ind2="0">
         <subfield code="a">Fihrist makhṭūṭāt khizānat Yaʻqūb Sarkīs</subfield>
         <subfield code="b">al-muhdāʾah ilá Jāmiʻat al-Ḥikmah bi-Baghdād.</subfield>
         <subfield code="c">Taʾlīf Kūrkīs ʻAwwād.</subfield>
      </datafield>
      <datafield tag="260" ind1=" " ind2=" ">
         <subfield code="a">Baghdād :</subfield>
         <subfield code="b">Maṭbaʻat al-ʻĀnī,</subfield>
         <subfield code="c">1966.</subfield>
      </datafield>
      <datafield tag="300" ind1=" " ind2=" ">
         <subfield code="a">223 p.</subfield>
         <subfield code="c">25 cm.</subfield>
      </datafield>
      <datafield tag="490" ind1="1" ind2=" ">
         <subfield code="a">Maṭbūʻāt Jāmiʻat al-Ḥikmah</subfield>
      </datafield>
      <datafield tag="500" ind1=" " ind2=" ">
         <subfield code="a">Added t. p.: Catalogue of the Arabic, Turkish, Persian and Syriac manuscripts in the Yaʻqub Sarkis collection of the Library of al-Hikma University, by Gurgis Awad.</subfield>
      </datafield>
      <datafield tag="650" ind1=" " ind2="0">
         <subfield code="a">Manuscripts</subfield>
         <subfield code="z">Iraq</subfield>
         <subfield code="z">Baghdad</subfield>
         <subfield code="v">Catalogs.</subfield>
      </datafield>
      <datafield tag="650" ind1=" " ind2="0">
         <subfield code="a">Manuscripts, Arabic</subfield>
         <subfield code="v">Catalogs.</subfield>
      </datafield>
      <datafield tag="600" ind1="1" ind2="0">
         <subfield code="a">Sarkis, Yaʻqūb,</subfield>
         <subfield code="d">1876-1959.</subfield>
      </datafield>
      <datafield tag="600" ind1="1" ind2="7">
         <subfield code="a">Sarkis, Yaʻqūb,</subfield>
         <subfield code="d">1876-1959</subfield>
         <subfield code="2">fast</subfield>
         <subfield code="0">(OCoLC)fst00163838</subfield>
      </datafield>
      <datafield tag="650" ind1=" " ind2="7">
         <subfield code="a">Manuscripts</subfield>
         <subfield code="2">fast</subfield>
         <subfield code="0">(OCoLC)fst01008230</subfield>
      </datafield>
      <datafield tag="650" ind1=" " ind2="7">
         <subfield code="a">Manuscripts, Arabic</subfield>
         <subfield code="2">fast</subfield>
         <subfield code="0">(OCoLC)fst01008278</subfield>
      </datafield>
      <datafield tag="651" ind1=" " ind2="7">
         <subfield code="a">Iraq</subfield>
         <subfield code="z">Baghdad</subfield>
         <subfield code="2">fast</subfield>
         <subfield code="0">(OCoLC)fst01207444</subfield>
      </datafield>
      <datafield tag="655" ind1=" " ind2="7">
         <subfield code="a">Catalogs</subfield>
         <subfield code="2">fast</subfield>
         <subfield code="0">(OCoLC)fst01423692</subfield>
      </datafield>
      <datafield tag="700" ind1="1" ind2=" ">
         <subfield code="a">ʻAwwād, Kūrkīs.</subfield>
      </datafield>
      <datafield tag="830" ind1=" " ind2="0">
         <subfield code="a">Maṭbūʻāt Jāmiʻat al-Ḥikmah.</subfield>
      </datafield>
      <datafield tag="948" ind1="2" ind2=" ">
         <subfield code="a">20030407</subfield>
         <subfield code="b">x</subfield>
         <subfield code="d">batch</subfield>
         <subfield code="e">lts</subfield>
      </datafield>
      <datafield tag="948" ind1="3" ind2=" ">
         <subfield code="a">20030407</subfield>
         <subfield code="h">recon1</subfield>
         <subfield code="i">edx.mars.coo.ftp.v03m04.cc.bib</subfield>
      </datafield>
      <datafield tag="948" ind1="2" ind2=" ">
         <subfield code="a">20141227</subfield>
         <subfield code="b">m</subfield>
         <subfield code="d">batch</subfield>
         <subfield code="e">lts</subfield>
         <subfield code="x">addfast</subfield>
      </datafield>
      <datafield tag="903" ind1=" " ind2=" ">
         <subfield code="a">NYUACO</subfield>
         <subfield code="d">20150423</subfield>
         <subfield code="p">31924029598186</subfield>
      </datafield>
      <datafield tag="950" ind1=" " ind2=" ">
         <subfield code="a">A.D.</subfield>
         <subfield code="b">White Z6605.A6 B14</subfield>
         <subfield code="v"> </subfield>
      </datafield>
   </record>
</collection>
